

@inproceedings{raimbault2023spatial,
  title={Spatial sensitivity analysis of social simulation models},
  author={Raimbault, Juste and Perret, Julien},
  booktitle={Conference on Complex Systems 2023},
  year={2023}
}



@inproceedings{raimbault2020scala,
  title={A scala library for spatial sensitivity analysis},
  author={Raimbault, Juste and Perret, Julien and Reuillon, Romain},
  booktitle={28th GISRUK conference},
  pages={32--36},
  year={2020}
}

@article{raimbault2019space,
  title={Space Matters: Extending Sensitivity Analysis to Initial Spatial Conditions in Geosimulation Models.},
  author={Raimbault, Juste and Cottineau, Cl{\'e}mentine and Le Texier, Marion and Le N{\'e}chet, Florent and Reuillon, Romain},
  journal={Journal of Artificial Societies \& Social Simulation},
  volume={22},
  number={4},
  year={2019}
}

@inproceedings{olteanu2008data,
  title={Data matching--a matter of belief},
  author={Olteanu Raimond, Ana-Maria and Musti{\`e}re, S{\'e}bastien},
  booktitle={Headway in Spatial Data Handling: 13th International Symposium on Spatial Data Handling},
  pages={501--519},
  year={2008},
  organization={Springer}
}


@inproceedings{harvey1998geometric,
  title={Geometric matching of areas, comparison measures and association links},
  author={Harvey, Francis and Vauglin, F and Bel Hadj Ali, A},
  booktitle={Proceedings of the 8th International Symposium On Spatial Data Handling},
  pages={557--568},
  year={1998}
}

@article{khelifi2020deep,
  title={Deep learning for change detection in remote sensing images: Comprehensive review and meta-analysis},
  author={Khelifi, Lazhar and Mignotte, Max},
  journal={Ieee Access},
  volume={8},
  pages={126385--126400},
  year={2020},
  publisher={IEEE}
}


@book{nikolenko2021synthetic,
  title={Synthetic data for deep learning},
  author={Nikolenko, Sergey I},
  volume={174},
  year={2021},
  publisher={Springer}
}

@article{raimbault2019second,
  title={Second-order control of complex systems with correlated synthetic data},
  author={Raimbault, Juste},
  journal={Complex Adaptive Systems Modeling},
  volume={7},
  number={1},
  pages={1--19},
  year={2019},
  publisher={Springer}
}

@article{xavier2016survey,
  title={A survey of measures and methods for matching geospatial vector datasets},
  author={Xavier, Emerson MA and Ariza-L{\'o}pez, Francisco J and Urena-Camara, Manuel A},
  journal={ACM Computing Surveys (CSUR)},
  volume={49},
  number={2},
  pages={1--34},
  year={2016},
  publisher={ACM New York, NY, USA}
}

@article{wang2022machine,
  title={Machine learning in modelling land-use and land cover-change (LULCC): Current status, challenges and prospects},
  author={Wang, Junye and Bretz, Michael and Dewan, M Ali Akber and Delavar, Mojtaba Aghajani},
  journal={Science of The Total Environment},
  volume={822},
  pages={153559},
  year={2022},
  publisher={Elsevier}
}


@article{rozenblat2018conclusion,
  title={Conclusion: Toward a methodology for multi-scalar urban system policies},
  author={Rozenblat, Celine and Pumain, Denise},
  journal={International and Transnational Perspectives on Urban Systems},
  volume={385},
  year={2018},
  publisher={Springer}
}


